<record><leader>00000cas a22000007a 4500</leader><controlfield tag="001">22435211</controlfield><controlfield tag="008">900925d18811898mduwr ne      0    0eng d</controlfield><datafield ind1=" " ind2=" " tag="010"><subfield code="a">sn 90057294 </subfield></datafield><datafield ind1=" " ind2=" " tag="040"><subfield code="a">MFN</subfield><subfield code="b">eng</subfield><subfield code="c">MFN</subfield><subfield code="d">OCLCQ</subfield></datafield><datafield ind1=" " ind2=" " tag="042"><subfield code="a">msc</subfield></datafield><datafield ind1="0" ind2=" " tag="130"><subfield code="a">Marylander (Princess Anne, Md.)</subfield></datafield><datafield ind1="1" ind2="4" tag="245"><subfield code="a">The Marylander.</subfield></datafield><datafield ind1=" " ind2=" " tag="260"><subfield code="a">Princess Anne, Md. :</subfield><subfield code="b">Eph. G. Polk</subfield></datafield><datafield ind1=" " ind2=" " tag="300"><subfield code="a">v.</subfield></datafield><datafield ind1=" " ind2=" " tag="310"><subfield code="a">Weekly</subfield></datafield><datafield ind1="1" ind2=" " tag="362"><subfield code="a">Began in 1881? Ceased in 1898.</subfield></datafield><datafield ind1=" " ind2=" " tag="588"><subfield code="a">Description based on: Vol. 16, no. 10 (Mar. 6, 1888).</subfield></datafield><datafield ind1=" " ind2=" " tag="752"><subfield code="a">United States</subfield><subfield code="b">Maryland</subfield><subfield code="c">Somerset</subfield><subfield code="d">Princess Anne.</subfield></datafield><datafield ind1="0" ind2="0" tag="780"><subfield code="t">True Marylander</subfield><subfield code="w">(DLC)sn 84026684</subfield></datafield><datafield ind1="0" ind2="7" tag="785"><subfield code="t">Somerset herald (Princess Anne, Md. : 1861)</subfield><subfield code="w">(DLC)sn 84026700</subfield></datafield><datafield ind1="0" ind2="7" tag="785"><subfield code="t">Marylander and herald</subfield><subfield code="w">(DLC)sn 89060234</subfield></datafield></record>